<record><leader>00000cas a2200000 a 4500</leader><controlfield tag="001">30965322</controlfield><controlfield tag="008">940818d19221949iluwr ne      0   a0eng c</controlfield><datafield ind1=" " ind2=" " tag="010"><subfield code="a">sn 94054510 </subfield></datafield><datafield ind1=" " ind2=" " tag="040"><subfield code="a">NVF</subfield><subfield code="b">eng</subfield><subfield code="c">NVF</subfield><subfield code="d">CVF</subfield><subfield code="d">NVF</subfield><subfield code="d">OCLCQ</subfield><subfield code="d">NVF</subfield><subfield code="d">OCLCF</subfield><subfield code="d">NVF</subfield><subfield code="d">OCLCO</subfield></datafield><datafield ind1="1" ind2=" " tag="029"><subfield code="a">AU@</subfield><subfield code="b">000024104386</subfield></datafield><datafield ind1=" " ind2=" " tag="042"><subfield code="a">pcc</subfield></datafield><datafield ind1=" " ind2=" " tag="043"><subfield code="a">n-us-il</subfield></datafield><datafield ind1="0" ind2=" " tag="130"><subfield code="a">Glen Ellyn news and the Glen Ellyan (Glen Ellyn, Ill. : 1922)</subfield></datafield><datafield ind1="1" ind2="4" tag="245"><subfield code="a">The Glen Ellyn news and the Glen Ellyan.</subfield></datafield><datafield ind1=" " ind2=" " tag="260"><subfield code="a">Glen Ellyn, Ill. :</subfield><subfield code="b">Thomas P. Coates,</subfield><subfield code="c">1922-1949.</subfield></datafield><datafield ind1=" " ind2=" " tag="300"><subfield code="a">v.</subfield></datafield><datafield ind1=" " ind2=" " tag="310"><subfield code="a">Weekly</subfield></datafield><datafield ind1="0" ind2=" " tag="362"><subfield code="a">Vol. 10, no. 44 (June 2, 1922)-v. 37, no. 33 (Feb. 10, 1949).</subfield></datafield><datafield ind1=" " ind2=" " tag="580"><subfield code="a">Formed by the union of: Glen Ellyn news (Glen Ellyn, Ill. : 1922) and: Glen Ellyan.</subfield></datafield><datafield ind1=" " ind2="0" tag="651"><subfield code="a">Glen Ellyn (Ill.)</subfield><subfield code="v">Newspapers.</subfield></datafield><datafield ind1=" " ind2="7" tag="651"><subfield code="a">Illinois</subfield><subfield code="z">Glen Ellyn.</subfield><subfield code="2">fast</subfield><subfield code="0">(OCoLC)fst01214706</subfield></datafield><datafield ind1=" " ind2="7" tag="655"><subfield code="a">Newspapers.</subfield><subfield code="2">fast</subfield><subfield code="0">(OCoLC)fst01423814</subfield></datafield><datafield ind1=" " ind2=" " tag="752"><subfield code="a">United States</subfield><subfield code="b">Illinois</subfield><subfield code="c">DuPage</subfield><subfield code="d">Glen Ellyn.</subfield></datafield><datafield ind1="1" ind2="4" tag="780"><subfield code="t">Glen Ellyn news (Glen Ellyn, Ill. : 1922)</subfield><subfield code="w">(DLC)sn2002060763</subfield><subfield code="w">(OCoLC)50657585</subfield></datafield><datafield ind1="1" ind2="4" tag="780"><subfield code="t">Glen Ellyan</subfield><subfield code="w">(DLC)sn2002060762</subfield><subfield code="w">(OCoLC)50657183</subfield></datafield><datafield ind1="0" ind2="0" tag="785"><subfield code="t">Glen Ellyn news (Glen Ellyn, Ill. : 1949)</subfield><subfield code="w">(DLC)sn 94054511</subfield><subfield code="w">(OCoLC)30965353</subfield></datafield></record>